@article{Carver_1994,
  doi = {10.1037/0022-3514.67.2.319},
  url = {http://dx.doi.org/10.1037/0022-3514.67.2.319},
  year = {1994},
  publisher = {American Psychological Association ({APA})},
  volume = {67},
  number = {2},
  pages = {319--333},
  author = {Charles S. Carver and Teri L. White},
  title = {{Behavioral inhibition behavioral activation, and affective responses to impending reward and punishment: The {BIS}/{BAS} Scales.}},
  journal = {Journal of Personality and Social Psychology},
}


@article{Cyders_2007,
  doi = {10.1037/1040-3590.19.1.107},
  url = {http://dx.doi.org/10.1037/1040-3590.19.1.107},
  year = {2007},
  publisher = {American Psychological Association ({APA})},
  volume = {19},
  number = {1},
  pages = {107--118},
  author = {Melissa A. Cyders and Gregory T. Smith and Nichea S. Spillane and Sarah Fischer and Agnes M. Annus and Claire Peterson},
  title = {{Integration of impulsivity and positive mood to predict risky behavior: Development and validation of a measure of positive urgency.}},
  journal = {Psychological Assessment},
}


@article{Whiteside_2005,
  doi = {10.1002/per.556},
  url = {http://dx.doi.org/10.1002/per.556},
  year = {2005},
  publisher = {Wiley-Blackwell},
  volume = {19},
  number = {7},
  pages = {559--574},
  author = {Stephen P. Whiteside and Donald R. Lynam and Joshua D. Miller and Sarah K. Reynolds},
  title = {{Validation of the {UPPS} impulsive behaviour scale: a four-factor model of impulsivity}},
  journal = {Eur. J. Pers.},
}
